@booklet{goecke,
    address = {Wiesbaden},
    author  = {Goecke, R.},
    title   = {Kommunikation von F{\"u}hrungskr{\"a}ften. Fallstudien zur Medienanwendung im oberen Management},
    year    = {1997}
}

